@BOOK(Kuhelj_1998_1,
storage = "Janko",
title = "Mehanika -- Dinamika",
publisher = "Fakulteta za strojni\v{s}tvo",
author = "Kuhelj,~A. ml.",
year = "1998",
)
